% Bibliography for Survival Analysis Presentation

% Classical Survival Analysis
@article{cox1972,
  author = {Cox, D. R.},
  title = {Regression models and life-tables},
  journal = {Journal of the Royal Statistical Society, Series B},
  volume = {34},
  number = {2},
  pages = {187--220},
  year = {1972},
  doi = {10.1111/j.2517-6161.1972.tb00899.x}
}

@article{kaplan1958,
  author = {Kaplan, E. L. and Meier, P.},
  title = {Nonparametric estimation from incomplete observations},
  journal = {Journal of the American Statistical Association},
  volume = {53},
  number = {282},
  pages = {457--481},
  year = {1958},
  doi = {10.1080/01621459.1958.10501452}
}

@article{fine1999,
  author = {Fine, J. P. and Gray, R. J.},
  title = {A proportional hazards model for the subdistribution of a competing risk},
  journal = {Journal of the American Statistical Association},
  volume = {94},
  number = {446},
  pages = {496--509},
  year = {1999},
  doi = {10.1080/01621459.1999.10474144}
}

@article{prentice1978,
  author = {Prentice, R. L. and Kalbfleisch, J. D. and Peterson, A. V. and Flournoy, N. and Farewell, V. T. and Breslow, N. E.},
  title = {The analysis of failure times in the presence of competing risks},
  journal = {Biometrics},
  volume = {34},
  number = {4},
  pages = {541--554},
  year = {1978},
  doi = {10.2307/2530374}
}

% Deep Learning for Survival Analysis
@article{katzman2018,
  author = {Katzman, J. L. and Shaham, U. and Cloninger, A. and Bates, J. and Jiang, T. and Kluger, Y.},
  title = {Deep{S}urv: personalized treatment recommender system using a {C}ox proportional hazards deep neural network},
  journal = {BMC Medical Research Methodology},
  volume = {18},
  number = {1},
  pages = {1--12},
  year = {2018},
  doi = {10.1186/s12874-018-0482-1}
}

@inproceedings{lee2018,
  author = {Lee, C. and Zame, W. and Yoon, J. and van der Schaar, M.},
  title = {Deep{H}it: A deep learning approach to survival analysis with competing risks},
  booktitle = {Proceedings of the Thirty-Second AAAI Conference on Artificial Intelligence},
  year = {2018},
  pages = {2314--2321}
}

@article{kvamme2019,
  author = {Kvamme, H. and Borgan, {\O}. and Scheel, I.},
  title = {Time-to-event prediction with neural networks and {C}ox regression},
  journal = {Journal of Machine Learning Research},
  volume = {20},
  number = {129},
  pages = {1--30},
  year = {2019}
}

@article{nagpal2021dsm,
  author = {Nagpal, C. and Li, X. and Dubrawski, A.},
  title = {Deep survival machines: Fully parametric survival regression and representation learning for censored data with competing risks},
  journal = {IEEE Journal of Biomedical and Health Informatics},
  volume = {25},
  number = {8},
  pages = {3163--3175},
  year = {2021},
  doi = {10.1109/JBHI.2021.3053137}
}

@article{nagpal2021deepsurv,
  author = {Nagpal, C. and Yadlowsky, S. and Rostamzadeh, N. and Heller, K.},
  title = {Deep parametric time-to-event regression with time-varying covariates},
  journal = {Proceedings of the AAAI Conference on Artificial Intelligence},
  volume = {35},
  number = {10},
  pages = {9346--9354},
  year = {2021}
}

@article{chapfuwa2018,
  author = {Chapfuwa, P. and Tao, C. and Li, C. and Page, C. and Goldstein, B. and Duke, L. C. and Henao, R.},
  title = {Adversarial time-to-event modeling},
  journal = {Proceedings of the 35th International Conference on Machine Learning},
  volume = {80},
  pages = {735--744},
  year = {2018}
}

@article{rindt2022,
  author = {Rindt, D. and Hu, R. and Steif, D. and Strack, B. and Haslbeck, J. and Upadhyay, U. and Rodolfa, K. and Ghassemi, M. and Vogelstein, J. and Naumann, T. and Adler, J.},
  title = {Survival Analysis for Idiosyncratic Risk},
  journal = {arXiv preprint arXiv:2204.02158},
  year = {2022}
}

@article{zhong2021,
  author = {Zhong, Y. and Chen, Z. and Zhou, D. and Li, Y. and Wang, F.},
  title = {MENSA: Multi-Event Neural Survival Analysis},
  journal = {arXiv preprint arXiv:2112.09823},
  year = {2021}
}

% Transformer Models
@inproceedings{vaswani2017,
  author = {Vaswani, A. and Shazeer, N. and Parmar, N. and Uszkoreit, J. and Jones, L. and Gomez, A. N. and Kaiser, L. and Polosukhin, I.},
  title = {Attention is all you need},
  booktitle = {Advances in Neural Information Processing Systems},
  volume = {30},
  year = {2017}
}

@inproceedings{devlin2019bert,
  author = {Devlin, J. and Chang, M. and Lee, K. and Toutanova, K.},
  title = {{BERT}: Pre-training of Deep Bidirectional Transformers for Language Understanding},
  booktitle = {Proceedings of the 2019 Conference of the North American Chapter of the Association for Computational Linguistics: Human Language Technologies},
  year = {2019},
  pages = {4171--4186}
}

@inproceedings{radford2019language,
  author = {Radford, A. and Wu, J. and Child, R. and Luan, D. and Amodei, D. and Sutskever, I.},
  title = {Language Models are Unsupervised Multitask Learners},
  booktitle = {OpenAI Blog},
  year = {2019},
  volume = {1},
  number = {8},
  pages = {9}
}

% Numerical Stability
@article{goldberg1991,
  author = {Goldberg, D.},
  title = {What every computer scientist should know about floating-point arithmetic},
  journal = {ACM Computing Surveys},
  volume = {23},
  number = {1},
  pages = {5--48},
  year = {1991},
  doi = {10.1145/103162.103163}
}

@inproceedings{brent2022,
  author = {Brent, J. and Bakshy, E.},
  title = {Batch Normalization is a Cause of Adversarial Vulnerability},
  booktitle = {International Conference on Machine Learning},
  year = {2022},
  pages = {2293--2321}
}

@inproceedings{hochreiter1998,
  author = {Hochreiter, S.},
  title = {The Vanishing Gradient Problem During Learning Recurrent Neural Nets and Problem Solutions},
  journal = {International Journal of Uncertainty, Fuzziness and Knowledge-Based Systems},
  volume = {6},
  number = {2},
  pages = {107--116},
  year = {1998},
  doi = {10.1142/S0218488598000094}
}

% Loss Functions and Ranking for Survival
@inproceedings{burges2005,
  author = {Burges, C. and Shaked, T. and Renshaw, E. and Lazier, A. and Deeds, M. and Hamilton, N. and Hullender, G.},
  title = {Learning to rank using gradient descent},
  booktitle = {Proceedings of the 22nd International Conference on Machine Learning},
  year = {2005},
  pages = {89--96},
  doi = {10.1145/1102351.1102363}
}

@inproceedings{xia2008,
  author = {Xia, F. and Liu, T. and Wang, J. and Zhang, W. and Li, H.},
  title = {ListMLE: A consistent list-wise approach to learning to rank},
  booktitle = {Proceedings of the 31st Annual International ACM SIGIR Conference},
  year = {2008},
  pages = {703--704},
  doi = {10.1145/1390334.1390458}
}

@article{harrell1982,
  author = {Harrell, F. E. and Califf, R. M. and Pryor, D. B. and Lee, K. L. and Rosati, R. A.},
  title = {Evaluating the yield of medical tests},
  journal = {JAMA},
  volume = {247},
  number = {18},
  pages = {2543--2546},
  year = {1982},
  doi = {10.1001/jama.1982.03320430047030}
}

@article{antolini2005,
  author = {Antolini, L. and Boracchi, P. and Biganzoli, E.},
  title = {A time-dependent discrimination index for survival data},
  journal = {Statistics in Medicine},
  volume = {24},
  number = {24},
  pages = {3927--3944},
  year = {2005},
  doi = {10.1002/sim.2427}
}

@article{lin2007,
  author = {Lin, D. Y. and Wei, L. J. and Ying, Z.},
  title = {Model-checking techniques based on cumulative residuals},
  journal = {Biometrics},
  volume = {58},
  number = {1},
  pages = {1--12},
  year = {2002},
  doi = {10.1111/j.0006-341X.2002.00001.x}
}

% Expert Knowledge in Survival Models
@article{radfar2022,
  author = {Radfar, S. and Shvaiko, P. and Schiffer, M. and Wang, Y. and Velegrakis, Y.},
  title = {A Survey on Expert Knowledge-Guided Neural Networks: Applications, Challenges, and Research Directions},
  journal = {arXiv preprint arXiv:2207.04974},
  year = {2022}
}

@article{karimi2021,
  author = {Karimi, B. and Sch√∂lkopf, B. and Valera, I.},
  title = {Algorithmic recourse: from counterfactual explanations to interventions},
  journal = {Proceedings of the 2021 ACM Conference on Fairness, Accountability, and Transparency},
  year = {2021},
  pages = {353--362}
}

@inproceedings{kuo2020,
  author = {Kuo, Y. and Liu, Z. and Fieldsend, J. and Manasi, X. and Cichocki, A. and Kim, M.},
  title = {Interpretable survival analysis with very deep networks},
  booktitle = {IEEE International Conference on Big Data},
  year = {2020},
  pages = {2091--2100}
}

% Mixture Models
@article{mclachlan1988,
  author = {McLachlan, G. J. and Basford, K. E.},
  title = {Mixture Models: Inference and Applications to Clustering},
  journal = {Marcel Dekker},
  year = {1988}
}

@article{bishop2006,
  author = {Bishop, C. M.},
  title = {Pattern Recognition and Machine Learning},
  journal = {Springer},
  year = {2006}
}

@article{marin2005,
  author = {Marin, J. M. and Mengersen, K. and Robert, C. P.},
  title = {Bayesian Modelling and Inference on Mixtures of Distributions},
  journal = {Handbook of Statistics},
  volume = {25},
  pages = {459--507},
  year = {2005},
  doi = {10.1016/S0169-7161(05)25016-2}
}

% Distributions for Survival
@article{kleinbaum2012,
  author = {Kleinbaum, D. G. and Klein, M.},
  title = {Survival Analysis: A Self-Learning Text},
  journal = {Springer Science \& Business Media},
  year = {2012}
}

@article{weibull1951,
  author = {Weibull, W.},
  title = {A statistical distribution function of wide applicability},
  journal = {Journal of Applied Mechanics},
  volume = {18},
  number = {3},
  pages = {293--297},
  year = {1951}
}

@article{limpert2001,
  author = {Limpert, E. and Stahel, W. A. and Abbt, M.},
  title = {Log-normal Distributions across the Sciences: Keys and Clues},
  journal = {BioScience},
  volume = {51},
  number = {5},
  pages = {341--352},
  year = {2001}
}

% Competing Risks
@article{tsiatis1975,
  author = {Tsiatis, A.},
  title = {A nonidentifiability aspect of the problem of competing risks},
  journal = {Proceedings of the National Academy of Sciences},
  volume = {72},
  number = {1},
  pages = {20--22},
  year = {1975},
  doi = {10.1073/pnas.72.1.20}
}

@article{geskus2016,
  author = {Geskus, R. B.},
  title = {Data Analysis with Competing Risks and Intermediate States},
  journal = {Chapman and Hall/CRC},
  year = {2016}
}

@article{koller2012,
  author = {Koller, M. T. and Raatz, H. and Steyerberg, E. W. and Wolbers, M.},
  title = {Competing risks and the clinical community: irrelevance or ignorance?},
  journal = {Statistics in Medicine},
  volume = {31},
  number = {11-12},
  pages = {1089--1097},
  year = {2012},
  doi = {10.1002/sim.4384}
}

% Statistical Methodology
@book{efron1994,
  author = {Efron, B. and Tibshirani, R. J.},
  title = {An Introduction to the Bootstrap},
  publisher = {Chapman \& Hall/CRC},
  year = {1994}
}

@article{brier1950,
  author = {Brier, G. W.},
  title = {Verification of forecasts expressed in terms of probability},
  journal = {Monthly Weather Review},
  volume = {78},
  number = {1},
  pages = {1--3},
  year = {1950}
}

@article{graf1999,
  author = {Graf, E. and Schmoor, C. and Sauerbrei, W. and Schumacher, M.},
  title = {Assessment and comparison of prognostic classification schemes for survival data},
  journal = {Statistics in Medicine},
  volume = {18},
  number = {17-18},
  pages = {2529--2545},
  year = {1999},
  doi = {10.1002/(SICI)1097-0258(19990915/30)18:17/18<2529::AID-SIM274>3.0.CO;2-5}
}

% Recent Advances in Survival Analysis
@article{zhang2022,
  author = {Zhang, Z. and Wang, Y. and Wang, P.},
  title = {Deep survival analysis: A spectral approach},
  journal = {Journal of Computational and Graphical Statistics},
  volume = {31},
  number = {3},
  pages = {795--805},
  year = {2022},
  doi = {10.1080/10618600.2022.2035739}
}

@article{yang2023,
  author = {Yang, L. and Qiu, S. and He, Z. and Wang, X. and Liu, M. and Chen, J. and Zhang, Y. and Zhou, L. and Peng, L. and Xiao, L. and others},
  title = {Large language models in medical artificial intelligence: A systematic review},
  journal = {BMJ Medicine},
  volume = {2},
  number = {1},
  year = {2023},
  doi = {10.1136/bmjmed-2023-000654}
}

@article{naimi2023,
  author = {Naimi, A. I. and Mishler, A. E. and Kennedy, E. H.},
  title = {Methods for the analysis of survival data subject to dependent censoring: A review and examination of recent developments},
  journal = {American Journal of Epidemiology},
  volume = {192},
  number = {2},
  pages = {298--311},
  year = {2023},
  doi = {10.1093/aje/kwac128}
}

% Additional references for ranking losses in survival analysis
@article{kvamme2021survrnc,
  author = {Kvamme, H.},
  title = {Continuous and Discrete-Time Survival Prediction with Neural Networks},
  journal = {IEEE Transactions on Neural Networks and Learning Systems},
  year = {2021},
  volume = {33},
  number = {9},
  pages = {4963--4977},
  doi = {10.1109/TNNLS.2021.3082212}
}

@inproceedings{lin2017focal,
  author = {Lin, T. Y. and Goyal, P. and Girshick, R. and He, K. and Doll√°r, P.},
  title = {Focal Loss for Dense Object Detection},
  booktitle = {Proceedings of the IEEE International Conference on Computer Vision},
  year = {2017},
  pages = {2980--2988},
  doi = {10.1109/ICCV.2017.324}
}

@article{koenker2001,
  author = {Koenker, R. and Geling, O.},
  title = {Reappraising Medfly Longevity: A Quantile Regression Survival Analysis},
  journal = {Journal of the American Statistical Association},
  year = {2001},
  volume = {96},
  number = {454},
  pages = {458--468},
  doi = {10.1198/016214501753168172}
}

@article{kendall2018,
  author = {Kendall, A. and Gal, Y. and Cipolla, R.},
  title = {Multi-task Learning Using Uncertainty to Weigh Losses for Scene Geometry and Semantics},
  journal = {Proceedings of the IEEE Conference on Computer Vision and Pattern Recognition},
  year = {2018},
  pages = {7482--7491},
  doi = {10.1109/CVPR.2018.00781}
}

@article{tagasovska2019,
  author = {Tagasovska, N. and Lopez-Paz, D.},
  title = {Single-Model Uncertainties for Deep Learning},
  journal = {Advances in Neural Information Processing Systems},
  year = {2019},
  volume = {32},
  pages = {6417--6428}
}

@article{steiner2021,
  author = {Steiner, L. M. and Siemoleit, S. and Keller, T. and Stierle, M. and Tesch, F. and Schoffer, O. and Spoden, M. and Schubert, I. and Schmitt, J. and Kuhlmann, A.},
  title = {Using deep learning for focal loss to predict mortality in patients with multiple chronic diseases},
  journal = {BMC Medical Informatics and Decision Making},
  year = {2021},
  volume = {21},
  number = {1},
  pages = {1--14},
  doi = {10.1186/s12911-021-01636-1}
}

@article{fotso2018,
  author = {Fotso, S.},
  title = {Deep Neural Networks for Survival Analysis Based on a Multi-Task Framework},
  journal = {arXiv preprint arXiv:1801.05512},
  year = {2018}
}

% Additional references for numerical stability
@article{hanin2022,
  author = {Hanin, B. and Rolnick, D.},
  title = {Deep ReLU Networks Have Surprisingly Few Activation Patterns},
  journal = {Advances in Neural Information Processing Systems},
  year = {2022},
  volume = {32},
  pages = {359--368}
}

@article{hao2020,
  author = {Hao, J. and Ho, T. K.},
  title = {Machine learning made easy: A review of scikit-learn package in Python programming language},
  journal = {Journal of Educational and Behavioral Statistics},
  year = {2020},
  volume = {44},
  number = {3},
  pages = {348--361},
  doi = {10.3102/1076998619832248}
}

% Additional references for competing risks
@article{austin2016,
  author = {Austin, P. C. and Lee, D. S. and Fine, J. P.},
  title = {Introduction to the Analysis of Survival Data in the Presence of Competing Risks},
  journal = {Circulation},
  year = {2016},
  volume = {133},
  number = {6},
  pages = {601--609},
  doi = {10.1161/CIRCULATIONAHA.115.017719}
}

@article{wiegrebe2023,
  author = {Wiegrebe, S. and Rieke, N. and Paprottka, K.J. and Zhang, L. and Haller, B. and Hofmann, F. and Kirschke, J.S. and Rummeny, E.J. and Bilic, P. and Menze, B.H. and Kaissis, G.A.},
  title = {Deep Learning-based Competing Risk Survival Analysis Using Cross-Sectional Imaging Data},
  journal = {Radiology: Artificial Intelligence},
  year = {2023},
  volume = {5},
  number = {2},
  pages = {e220159},
  doi = {10.1148/ryai.220159}
}

% Additional references for expert knowledge incorporation
@article{rudin2022,
  author = {Rudin, C.},
  title = {Stop explaining black box machine learning models for high stakes decisions and use interpretable models instead},
  journal = {Nature Machine Intelligence},
  year = {2019},
  volume = {1},
  number = {5},
  pages = {206--215},
  doi = {10.1038/s42256-019-0048-x}
}

@article{ghassemi2022,
  author = {Ghassemi, M. and Oakden-Rayner, L. and Beam, A.L.},
  title = {The false hope of current approaches to explainable artificial intelligence in health care},
  journal = {The Lancet Digital Health},
  year = {2022},
  volume = {3},
  number = {11},
  pages = {e745--e750},
  doi = {10.1016/S2589-7500(21)00208-9}
}

@article{gensheimer2019,
  author = {Gensheimer, M.F. and Narasimhan, B.},
  title = {A scalable discrete-time survival model for neural networks},
  journal = {PeerJ},
  year = {2019},
  volume = {7},
  pages = {e6257},
  doi = {10.7717/peerj.6257}
}

@article{zhong2020,
  author = {Zhong, X. and Jeong, J.H.},
  title = {Estimation of median survival time for COVID-19 patients: A pseudo-value approach},
  journal = {Science Advances},
  year = {2020},
  volume = {6},
  number = {27},
  pages = {eabd4900},
  doi = {10.1126/sciadv.abd4900}
}

@article{biganzoli2001,
  author = {Biganzoli, E. and Boracchi, P. and Mariani, L. and Marubini, E.},
  title = {Feed forward neural networks for the analysis of censored survival data: a partial logistic regression approach},
  journal = {Statistics in Medicine},
  year = {2001},
  volume = {17},
  number = {10},
  pages = {1169--1186},
  doi = {10.1002/(SICI)1097-0258(19980530)17:10<1169::AID-SIM796>3.0.CO;2-D}
}

@article{ibrahim2001,
  author = {Ibrahim, J.G. and Chen, M.H. and Sinha, D.},
  title = {Bayesian Survival Analysis},
  journal = {Springer Series in Statistics},
  year = {2001},
  publisher = {Springer New York},
  doi = {10.1007/978-1-4757-3447-8}
}

@article{ahuja2022,
  author = {Ahuja, K. and Zame, W. and van der Schaar, M.},
  title = {Optimal dynamic treatment assignment using reinforcement learning for sequential precision medicine},
  journal = {Journal of the American Statistical Association},
  volume = {117},
  number = {539},
  pages = {1057--1069},
  year = {2022},
  doi = {10.1080/01621459.2021.1924868}
}

% Application Domains
@article{curtis2012,
  author = {Curtis, C. and Shah, S. P. and Chin, S. F. and Turashvili, G. and Rueda, O. M. and Dunning, M. J. and Speed, D. and Lynch, A. G. and Samarajiwa, S. and Yuan, Y. and others},
  title = {The genomic and transcriptomic architecture of 2,000 breast tumours reveals novel subgroups},
  journal = {Nature},
  volume = {486},
  number = {7403},
  pages = {346--352},
  year = {2012},
  doi = {10.1038/nature10983}
}

@article{van2017,
  author = {van de Leur, R. R. and Boonstra, M. J. and Bagheri, A. and Roudijk, R. W. and Groot, N. M. S. and Hassink, R. J. and van der Harst, P. and Sammani, A. and Asselbergs, F. W.},
  title = {Big data and artificial intelligence: Opportunities and threats in electrophysiology},
  journal = {Arrhythmia \& Electrophysiology Review},
  volume = {9},
  number = {3},
  pages = {146--154},
  year = {2020},
  doi = {10.15420/aer.2020.22}
}

@article{toma≈°ev2019,
  author = {Toma≈°ev, N. and Glorot, X. and Rae, J. W. and Zielinski, M. and Askham, H. and Saraiva, A. and Mottram, A. and Meyer, C. and Ravuri, S. and Protsyuk, I. and others},
  title = {A clinically applicable approach to continuous prediction of future acute kidney injury},
  journal = {Nature},
  volume = {572},
  number = {7767},
  pages = {116--119},
  year = {2019},
  doi = {10.1038/s41586-019-1390-1}
}